%
% Literatur 
%
@book{POSA1,
  author    = {Buchmann,Frank; Regine Meunier, Hans Rohnert, Peter Sommerladund Michael Stal},
  title     = {Pattern-Oriented Software Architecture, Volume 1: A System of Patterns},
  publisher = {John Wiley and Sons Ltd},
  year      = 1996,
  month     = 8,
  edition   = 1,
  isbn      = {978-0-47195-869-7}
}

%
% Papers
%
@misc{PprEventProc,
  title = {{A Survey of the State-of-the-art in Event Processing}},
  year  = 2013,
  author = {Ot√°vio M. de Carvalho, Eduardo Roloff, Philippe O. A. Navaux},
  howpublished = "\url{https://www.innoq.com/de/articles/2013/08/log-daten-verarbeiten-mit-kafka/#fn:4}",
  note = "zuletzt besucht am 26.02.2015"
}
